


@article{white1982maximum,
  title={Maximum likelihood estimation of misspecified models},
  author={White, Halbert},
  journal={Econometrica: Journal of the Econometric Society},
  pages={1--25},
  year={1982},
  publisher={JSTOR}
}


@article{su2016identifying,
  title={Identifying latent structures in panel data},
  author={Su, Liangjun and Shi, Zhentao and Phillips, Peter CB},
  journal={Econometrica},
  volume={84},
  number={6},
  pages={2215--2264},
  year={2016},
  publisher={Wiley Online Library}
}

@book{hsiao2014analysis,
  title={Analysis of panel data},
  author={Hsiao, Cheng},
  number={54},
  year={2014},
  publisher={Cambridge University Press}
}



@book{young2005essentials,
  title={Essentials of statistical inference},
  author={Young, G Alastair and Smith, Robert Leslie},
  volume={16},
  year={2005},
  publisher={Cambridge University Press}
}


@article{newey1994large,
  title={Large sample estimation and hypothesis},
  author={Newey, KW and McFadden, Daniel},
  journal={Handbook of Econometrics, IV, Edited by RF Engle and DL McFadden},
  pages={2112--2245},
  year={1994},
  publisher={Citeseer}
}


@book{white1996estimation,
  title={Estimation, inference and specification analysis},
  author={White, Halbert},
  number={22},
  year={1996},
  publisher={Cambridge university press}
}


@article{shi2020high,
      title={High Dimensional Forecast Combinations Under Latent Structures}, 
      author={Zhentao Shi and Liangjun Su and Tian Xie},
      year={2020},
      volume={2010.09477},
      journal={arXiv},
      primaryClass={econ.EM}
}


@book{davidson1994stochastic,
  title={Stochastic limit theory: An introduction for econometricians},
  author={Davidson, James},
  year={1994},
  publisher={Oxford University Press}
}


@book{white2014asymptotic,
  title={Asymptotic theory for econometricians},
  author={White, Halbert},
  year={2000},
  publisher={Academic Press}
}


@book{cover2006elements,
  title={Elements of information theory (2nd ed.)},
  author={Cover, Thomas M and Joy A. Thomas},
  year={2006},
  publisher={John Wiley \& Sons}
}


@article{phillips1983exact,
  title={Exact small sample theory in the simultaneous equations model},
  author={Phillips, Peter CB},
  journal={Handbook of Econometrics},
  volume={1},
  pages={449--516},
  year={1983},
  publisher={Elsevier}
}



@article{white1980heteroskedasticity,
  title={A heteroskedasticity-consistent covariance matrix estimator and a direct test for heteroskedasticity},
  author={White, Halbert},
  journal={Econometrica},
  pages={817--838},
  year={1980},
  publisher={JSTOR}
}





@book{horn2012matrix,
  title={Matrix analysis},
  author={Horn, Roger A and Johnson, Charles R},
  year={1985},
  publisher={Cambridge University Press}
}

@article{lewbel2019identification,
  title={The identification zoo: Meanings of identification in econometrics},
  author={Lewbel, Arthur},
  journal={Journal of Economic Literature},
  volume={57},
  number={4},
  pages={835--903},
  year={2019}
}

@inproceedings{lucas1976econometric,
  title={Econometric policy evaluation: A critique},
  author={Lucas, Robert E},
  booktitle={Carnegie-Rochester conference series on public policy},
  volume={1},
  number={1},
  pages={19--46},
  year={1976}
}

@article{doob1996development,
  title={The development of rigor in mathematical probability (1900--1950)},
  author={Doob, Joseph L},
  journal={The American mathematical monthly},
  volume={103},
  number={7},
  pages={586--595},
  year={1996},
  publisher={Taylor \& Francis}
}

@article{gow2016causal,
  title={Causal inference in accounting research},
  author={Gow, Ian D and Larcker, David F and Reiss, Peter C},
  journal={Journal of Accounting Research},
  volume={54},
  number={2},
  pages={477--523},
  year={2016},
  publisher={Wiley Online Library}
}